@Book{aliprantis,
	title = {Principles of real analysis, 3rd edition},
	publisher = {Academic Press},
	author = {Charalambos D. Aliprantis, Owen Burkinshaw},
}

@Book{beardon,
	title = {Limits, a new approach to real analysis},
	publisher = {Springer-Verlag},
	author = {Alan F. Beardon},
}

%suggested for advanced reading
@Book{gelbaum,
	title = {Modern real and complex analysis},
	publisher = {Wiley-Interscience},
	author = {Bernard R. Gelbaum},
}
@Book{kharazishvili,
	title = {Strange functions in real analysis},
	publisher = {Marcel Dekker},
	author = {Alexander B. Kharazishvili},
}
@Book{kharazishivili2,
	title = {Set theoretical aspects of real analysis},
	publisher = {CRC Press},
	author = {Alexander B. Kharazishvili},
}
@Book{knapp,
	title = {Advanced real analysis},
	publisher = {Birkhauser},
	author = {Anthony W. Knapp},
}
@Book{knapp2,
	title = {Basic real analysis},
	publisher = {Birkhauser},
	author = {Anthony W. Knapp},
}
@Book{khamsi,
	title = {A problem book in real analysis},
	publisher = {Springer},
	author = {Asuman G. Aksoy, Mohamed A. Khamsi},
}
@Book{joshi,
	title = {Introduction to general topology},
	publisher = {New age international},
	author = {K. D. Joshi},
}
@Book{strang,
	title = {Introduction to linear algebra},
	publisher = {Wellesley Cambridge Press},
	author = {Gilbert Strang},
}

@Book{thomson,
	title = {Elementary real analysis},
	publisher = {Prentice Hall},
	author = {Brian S. Thomson, Judith B. Bruckner, Andrew M. Bruckner},
}
